<?xml version="1.0" encoding="UTF-8"?><collection xmlns="http://www.loc.gov/MARC21/slim"><record><leader>00723nam--2200193-i-4500</leader><controlfield tag="001">000023022</controlfield><controlfield tag="002">20161230</controlfield><controlfield tag="005">20161230201034</controlfield><controlfield tag="008">060222s1000------------r-----000-0-eng-d</controlfield><datafield ind1=" " ind2=" " tag="020"><subfield code="a">72040164X</subfield></datafield><datafield ind1=" " ind2=" " tag="040"><subfield code="a">IFIN-HH</subfield></datafield><datafield ind1=" " ind2=" " tag="080"><subfield code="a">539.2</subfield></datafield><datafield ind1="1" ind2=" " tag="100"><subfield code="a">Leroy, Eyring</subfield></datafield><datafield ind1="1" ind2="0" tag="245"><subfield code="a">The chemistry of extended defects in non-metalic solids</subfield><subfield code="b">Proceedings of the institute for advanced study on the chemistry of extended defects in non-metallic solids, casa blanca inn, scottsdale, arizona, april 16-26, 1969</subfield><subfield code="c">Eyring leroy, michael o'keeffe (eds.)</subfield></datafield><datafield ind1=" " ind2=" " tag="260"><subfield code="a">Amsterdam</subfield><subfield code="b">North-holland Publishing Company</subfield><subfield code="c">1970</subfield></datafield><datafield ind1=" " ind2=" " tag="300"><subfield code="a">IX+669P</subfield></datafield><datafield ind1="1" ind2=" " tag="700"><subfield code="a">O'Keeffe, Michael</subfield><subfield code="e">Ed</subfield></datafield><datafield ind1=" " ind2=" " tag="852"><subfield code="a">33841</subfield><subfield code="c">539.2</subfield></datafield><datafield ind1=" " ind2=" " tag="CAT"><subfield code="a">Sys</subfield><subfield code="c">20121018</subfield><subfield code="h">133529</subfield></datafield></record></collection>